<record><leader>00000cas a22000007a 4500</leader><controlfield tag="001">12029468</controlfield><controlfield tag="008">850513c19229999wiuwr ne      0    0eng d</controlfield><datafield ind1=" " ind2=" " tag="010"><subfield code="a">sn 85040715 </subfield></datafield><datafield ind1=" " ind2=" " tag="040"><subfield code="a">NPV</subfield><subfield code="b">eng</subfield><subfield code="c">NPV</subfield><subfield code="d">OCL</subfield><subfield code="d">OCLCQ</subfield></datafield><datafield ind1=" " ind2=" " tag="042"><subfield code="a">msc</subfield></datafield><datafield ind1=" " ind2=" " tag="045"><subfield code="a">x2--</subfield></datafield><datafield ind1=" " ind2=" " tag="052"><subfield code="a">4123</subfield><subfield code="b">J4</subfield></datafield><datafield ind1="0" ind2=" " tag="130"><subfield code="a">Waterloo courier (Waterloo, Wis.)</subfield></datafield><datafield ind1="1" ind2="0" tag="245"><subfield code="a">Waterloo courier.</subfield></datafield><datafield ind1=" " ind2=" " tag="260"><subfield code="a">Waterloo, Wis. :</subfield><subfield code="b">J.L. White,</subfield><subfield code="c">1922-</subfield></datafield><datafield ind1=" " ind2=" " tag="300"><subfield code="a">v. :</subfield><subfield code="b">ill.</subfield></datafield><datafield ind1=" " ind2=" " tag="310"><subfield code="a">Weekly</subfield></datafield><datafield ind1="0" ind2=" " tag="362"><subfield code="a">Vol. 38 = v. 6. = v. 1, no. 1 (Nov. 23, 1922)-</subfield></datafield><datafield ind1=" " ind2=" " tag="500"><subfield code="a">Publisher varies.</subfield></datafield><datafield ind1=" " ind2=" " tag="500"><subfield code="a">Editors: J.L. White, Nov. 23, 1922-Oct. 12, 1923; E.H. White, Oct. 19, 1923-Nov. 26, 1931; H.P. Thompson &amp; L.E. Perry, Dec. 3, 1931-Jan. 19, 1933; L.E. Perry, Jan. 26, 1933-June 7, 1946; R.D. Hutto, June 14, 1946-Sept. 24, 1948; Mrs. H.A. Whipple, Oct. 1, 1948-Dec. 9, 1949; R.W. Smith, Dec. 16, 1949-April 27, 1951; F. Davis, July 5-Oct. 25, 1951; D.L. Royle, Nov. 1, 1951-Dec. 30, 1965; T.K. Olson, Jan. 25-April 19, 1973; T. Valeo, May 3, 1973-Aug. 5, 1976; M. Condon, Aug. 12-Oct. 14, 1976; B. Zabit, June 30, 1977-May 15, 1980; T. Giese, July 3, 1980-</subfield></datafield><datafield ind1=" " ind2=" " tag="530"><subfield code="a">Available on microfilm from The State Historical Society of Wisconsin.</subfield></datafield><datafield ind1=" " ind2=" " tag="752"><subfield code="a">United States</subfield><subfield code="b">Wisconsin</subfield><subfield code="c">Jefferson</subfield><subfield code="d">Waterloo.</subfield></datafield><datafield ind1="0" ind2="4" tag="785"><subfield code="t">Waterloo enterprise</subfield><subfield code="w">(DLC)sn 85040719</subfield></datafield><datafield ind1="0" ind2="4" tag="785"><subfield code="t">Waterloo democrat (Waterloo, Wis. : 1904)</subfield><subfield code="w">(DLC)sn 85040716</subfield></datafield></record>